@inproceedings{chen2014bufferbloat,
  title={On bufferbloat and delay analysis of multipath TCP in wireless networks},
  author={Chen, Yung-Chih and Towsley, Don},
  booktitle={2014 IFIP Networking Conference},
  pages={1--9},
  year={2014},
  organization={IEEE}
}

@ARTICLE{Allman13commentson,
    author = {Mark Allman},
    title = {Comments on Bufferbloat},
    journal = {Computer Communication Review},
    year = {2013},
    pages = {31--37}
}

@ARTICLE{appenzeller2004sizing,
  title={Sizing router buffers},
  author={Appenzeller, Guido and Keslassy, Isaac and McKeown, Nick},
  journal={ACM SIGCOMM Computer Communication Review},
  volume={34},
  number={4},
  pages={281--292},
  year={2004},
  publisher={ACM New York, NY, USA}
}

@ARTICLE{villamizar1994high,
  title={High performance TCP in ANSNET},
  author={Villamizar, Curtis and Song, Cheng},
  journal={ACM SIGCOMM Computer Communication Review},
  volume={24},
  number={5},
  pages={45--60},
  year={1994},
  publisher={ACM New York, NY, USA}
}

@ARTICLE{6886125,  author={V. G. {Cerf}},  journal={IEEE Internet Computing},  title={Bufferbloat and Other Internet Challenges},   year={2014},  volume={18},  number={5},  pages={80-80},}

@article{gettys2012bufferbloat,
  title={Bufferbloat: dark buffers in the internet},
  author={Gettys, Jim and Nichols, Kathleen},
  journal={Communications of the ACM},
  volume={55},
  number={1},
  pages={57--65},
  year={2012},
  publisher={ACM New York, NY, USA}
}

@article{staff2012bufferbloat,
  title={Bufferbloat: What's wrong with the internet?},
  author={Staff, CACM},
  journal={Communications of the ACM},
  volume={55},
  number={2},
  pages={40--47},
  year={2012},
  publisher={ACM New York, NY, USA}
}

@article{huston2000tcp,
  title={Tcp performance},
  author={Huston, Geoff},
  journal={The Internet Protocol Journal},
  volume={3},
  number={2},
  pages={2--24},
  year={2000},
  publisher={Citeseer}
}

@techreport{jacobson1992tcp,
  title={TCP extensions for high performance},
  author={Jacobson, Van and Braden, Robert and Borman, David},
  year={1992},
  institution={RFc 1323, May}
}

@article{jacobson1995congestion,
  title={Congestion avoidance and control},
  author={Jacobson, Van},
  journal={ACM SIGCOMM Computer Communication Review},
  volume={25},
  number={1},
  pages={157--187},
  year={1995},
  publisher={ACM New York, NY, USA}
}

@INPROCEEDINGS{1209197,  author={Z. {Fu} and P. {Zerfos} and H. {Luo} and S. {Lu} and L. {Zhang} and M. {Gerla}},  booktitle={IEEE INFOCOM 2003. Twenty-second Annual Joint Conference of the IEEE Computer and Communications Societies (IEEE Cat. No.03CH37428)},  title={The impact of multihop wireless channel on TCP throughput and loss},   year={2003},  volume={3},  number={},  pages={1744-1753 vol.3},}

@article{10.1145/205511.205512,
author = {Floyd, Sally},
title = {TCP and Explicit Congestion Notification},
year = {1994},
issue_date = {October 1994},
publisher = {Association for Computing Machinery},
address = {New York, NY, USA},
volume = {24},
number = {5},
issn = {0146-4833},
url = {https://doi.org/10.1145/205511.205512},
doi = {10.1145/205511.205512},
journal = {SIGCOMM Comput. Commun. Rev.},
month = oct,
pages = {8–23},
numpages = {16}
}

@techreport{ramakrishnan1999proposal,
  title={A proposal to add explicit congestion notification (ECN) to IP},
  author={Ramakrishnan, Kadangode and Floyd, Sally},
  year={1999},
  institution={RFC 2481, January}
}

@article{ramakrishnan2001addition,
  title={The addition of explicit congestion notification (ECN) to IP},
  author={Ramakrishnan, Kadangode and Floyd, Sally and Black, David and others},
  year={2001},
  publisher={RFC 3168, September}
}

@inproceedings{katabi2002congestion,
  title={Congestion control for high bandwidth-delay product networks},
  author={Katabi, Dina and Handley, Mark and Rohrs, Charlie},
  booktitle={Proceedings of the 2002 conference on Applications, technologies, architectures, and protocols for computer communications},
  pages={89--102},
  year={2002}
}

@INPROCEEDINGS{1498331,  author={S. H. {Low} and L. L. H. {Andrew} and B. P. {Wydrowski}},  booktitle={Proceedings IEEE 24th Annual Joint Conference of the IEEE Computer and Communications Societies.},  title={Understanding XCP: equilibrium and fairness},   year={2005},  volume={2},  number={},  pages={1025-1036 vol. 2},}

@inproceedings{10.1145/1851182.1851192,
author = {Alizadeh, Mohammad and Greenberg, Albert and Maltz, David A. and Padhye, Jitendra and Patel, Parveen and Prabhakar, Balaji and Sengupta, Sudipta and Sridharan, Murari},
title = {Data Center TCP (DCTCP)},
year = {2010},
isbn = {9781450302012},
publisher = {Association for Computing Machinery},
address = {New York, NY, USA},
url = {https://doi.org/10.1145/1851182.1851192},
doi = {10.1145/1851182.1851192},
booktitle = {Proceedings of the ACM SIGCOMM 2010 Conference},
pages = {63–74},
numpages = {12},
keywords = {TCP, data center network, ECN},
location = {New Delhi, India},
series = {SIGCOMM ’10}
}
  
@article{10.1145/1851275.1851192,
author = {Alizadeh, Mohammad and Greenberg, Albert and Maltz, David A. and Padhye, Jitendra and Patel, Parveen and Prabhakar, Balaji and Sengupta, Sudipta and Sridharan, Murari},
title = {Data Center TCP (DCTCP)},
year = {2010},
issue_date = {August 2010},
publisher = {Association for Computing Machinery},
address = {New York, NY, USA},
volume = {40},
number = {4},
issn = {0146-4833},
url = {https://doi.org/10.1145/1851275.1851192},
doi = {10.1145/1851275.1851192},
journal = {SIGCOMM Comput. Commun. Rev.},
month = aug,
pages = {63–74},
numpages = {12},
keywords = {ECN, TCP, data center network}
}
  
